@book{anuj,
    author = "Anuj Srivastava",
    title = "Computational methods in statistics",
    year = "2010",
    publisher = "Florida State University"
}
